
Manually written bibliography. Should receive preamble.
