# This is a BibTeX file. It contains bibliographical information
# regarding documents referred to by the Unix/Linux policy documentation. When
# the policy document is generated (see doc_appendix.tex for more on that
# process), the information in this file is used to create the bibliography
# section.

@book{pro-puppet-book,
    author = {James Turnbull and Jeffrey McCune},
    title = {Pro Puppet},
    year = 2011,
    publisher = {Apress},
    note = "\url{http://www.apress.com/9781430230571}",
}

@book{puppet-generated-references,
    author = {Puppet Labs},
    title = {Generated references},
    note = "\url{http://docs.puppetlabs.com/references/2.7.6/}",
}

@book{puppet-best-practice,
    author = {Digant C. Kasundra},
    title = {Puppet Best Practice},
    year = 2010,
    comment = "\url{http://projects.puppetlabs.com/projects/1/wiki/Puppet_Best_Practice}",
}

@book{rhel6-stig,
    author = {Defense Information Services Agency [DISA]},
    title = {Red Hat Enterprise Linux 6 Security Technical Implementation Guide Draft, Version 1, Release 0.3},
    year = 2013,
    publisher = {DISA},
    note = "\url{http://iase.disa.mil/stigs/os/unix/u_draft_redhat%206_v1r03_stig.zip}",
}

@book{unix-srg,
    author = {Defense Information Services Agency [DISA]},
    title = {UNIX System Requirements Guide, Version 1, Release 2},
    year = 2012,
    publisher = {DISA},
    note = "\url{http://iase.disa.mil/stigs/os/unix/u_unix_os_policy-v1r2_srg_manual.zip}",
}

@book{unix-stig,
    author = {Defense Information Services Agency [DISA]},
    title = {UNIX Security Technical Implementation Guide, Version 5, Release 1},
    year = 2006,
    publisher = {DISA},
    note = "\url{http://iase.disa.mil/stigs/stig/unix-stig-v5r1.pdf}",
}

@book{macosx-stig,
    author = {Defense Information Services Agency [DISA]},
    title = {MAC OSX 10.6 Workstation Security Technical Implementation Guide Draft, Version 1, Release 2},
    year = 2012,
    publisher = {DISA},
}

@book{span-stig,
    author = {Defense Information Services Agency [DISA]},
    title = {Sharing Peripherals Across the Network Security Technical Implementation Guide, Version 1, Release 1},
    year = 2005,
    publisher = {DISA},
    note = "\url{http://iase.disa.mil/stigs/stig/span-stig-v1r1.pdf}",
}

# At this writing, the STIG site is down, so I can't find the URLs for these
# documents.
@book{apache-server-stig,
    author = {Defense Information Services Agency [DISA]},
    title = {Apache Server 2.2 for Unix Draft STIG, Version 0, Release 0.2},
    year = 2011,
    publisher = {DISA},
    note = "\url{http://iase.disa.mil/stigs/downloads/zip/u_apache_2.2_unix_v0r2_idraft_stig.zip}",
}

@book{apache-site-stig,
    author = {Defense Information Services Agency [DISA]},
    title = {Apache Site 2.2 for Unix Draft STIG, Version 0, Release 0.2},
    year = 2011,
    publisher = {DISA},
    note = "\url{http://iase.disa.mil/stigs/downloads/zip/u_apache_2.2_unix_v0r2_idraft_stig.zip}",
}

@book{openssl-fips-user-guide,
    author = {Open Source Software Institute},
    title = {OpenSSL FIPS 140-2 User Guide},
    year = 2007,
    publisher = {Open Source Software Institute},
    note = "\url{http://www.openssl.org/docs/fips/UserGuide-1.1.1.pdf}",
}

@book{fips-140-2,
    author = {National Institute of Standards and Technology (NIST)},
    title = {Federal Information Processing Standard 140-2},
    year = 2001,
    publisher = {National Institute of Standards and Technology (NIST)},
    note = "\url{http://csrc.nist.gov/publications/fips/fips140-2/fips1402.pdf}",
}

@book{rhel6-deployment,
    author = {Douglas Silas and Martin Prpic and others},
    title = {Red Hat Enterprise Linux 6 Deployment Guide},
    year = 2010,
    publisher = {Red Hat, Inc.},
    note = "\url{http://docs.redhat.com/docs/en-US/Red_Hat_Enterprise_Linux/6/html/Deployment_Guide/index.html}",
}

@book{rhel6-migration,
    author = {Red Hat Engineering Content Services},
    title = {Red Hat Enterprise Linux 6 Migration Planning Guide},
    year = 2010,
    publisher = {Red Hat, Inc.},
    note = "\url{http://docs.redhat.com/docs/en-US/Red_Hat_Enterprise_Linux/6/html/Migration_Planning_Guide/index.html}",
}

@book{rhel6-security,
    author = {Red Hat Engineering Content Services},
    title = {Red Hat Enterprise Linux 6 Security Guide},
    year = 2010,
    publisher = {Red Hat, Inc.},
    note = "\url{http://docs.redhat.com/docs/en-US/Red_Hat_Enterprise_Linux/6/html/Security_Guide/index.html}",
}

@book{rhn-satellite-installation,
    author = {Daniel Macpherson and Lana Brindley and Athene Chan},
    title = {Red Hat Network Satellite 5.4 Installation Guide},
    year = 2010,
    publisher = {Red Hat, Inc.},
    note = "\url{http://docs.redhat.com/docs/en-US/Red_Hat_Network_Satellite/5.4/html/Installation_Guide/index.html}",
}

@book{database-stig,
    author = {Defense Information Services Agency [DISA]},
    title = {Generic Database STIG, Version 8, Release 1},
    year = 2007,
    publisher = {DISA},
    note = "\url{http://iase.disa.mil/stigs/downloads/zip/database-stig-v8r1.zip}",
}

@book{jre-stig,
    author = {Defense Information Services Agency [DISA]},
    title = {Java Runtime Environment (JRE) 6 STIG for UNIX, DRAFT Version 1, Release 0.1},
    year = 2012,
    publisher = {DISA},
    note = "\url{http://iase.disa.mil/stigs/app_security/app_sec/u_jre6_v1r0.1_fdraftstig.zip}",
}

@book{nss-security-policy,
    author = {{Sun Microsystems Inc.} and {Red Hat, Inc.}},
    title = {NSS Cryptographic Module Version 3.12 FIPS 140-2 Non-Proprietary Security Policy, Version 1.21},
    year = 2009,
    note = "\url{http://www.mozilla.org/projects/security/pki/nss/fips/secpolicy.pdf}",
}

@book{dodi-8500-2,
    author = {Department of Defense CIO},
    title = {Department of Defense Instruction 8500.2, Information Assurance Implementation},
    year = 2005,
    publisher = {DTIC},
    note = "\url{http://www.dtic.mil/whs/directives/corres/pdf/850002p.pdf}",
}

@book{pgsql-documentation,
    author = {The PostgreSQL Global Development Group},
    title = {PostgreSQL 8.4.x Documentation},
    year = 2009,
    note = "Available as part of the \verb!postgresql! RHEL package",
}

# --- NTP references ---
@article{ms-sntp,
    title = {[MS-SNTP]: Network Time Protocol (NTP) Authentication Extensions},
    year = 2011,
    note = "\url{http://msdn.microsoft.com/en-us/library/cc246877%28v=PROT.13%29.aspx}",
}
@article{rfc1305,
    author = {David L. Mills},
    title = {RFC 1305: Network Time Protocol (Version 3)},
    year = 1992,
    note = "\url{http://www.ietf.org/rfc/rfc1305.txt}",
}
@article{rfc5905,
    author = {D. Mills and J. Martin and J. Burbank and W. Kasch},
    title = {RFC 5905: Network Time Protocol Version 4},
    year = 2010,
    note = "\url{http://www.ietf.org/rfc/rfc5905.txt}",
}
@article{rfc5906,
    author = {B. Haberman and D. Mills},
    title = {RFC 5906: Network Time Protocol Version 4: Autokey Specification},
    year = 2010,
    note = "\url{http://www.ietf.org/rfc/rfc5906.txt}",
}
# ---
