--- BEGIN ATSIGN ---
foo [at sign] bar [at sign] baz
--- END ATSIGN ---

Manually written bibliography. Should receive preamble.
